BibTeX-file for Hybrid Threads for the Parrot Virtual Machine

@online{Masak40451,
	author={Masak, Carl},
	year={2010},
	url={http://use.perl.org/use.perl.org/_masak/journal/40451.html}
}

@online{Developer,
	title={Perl 6 and the Parrot Project},
	author={Randal, Allison and Sugalski, Dan and T{\"o}tsch, Leopold},
	year={2003},
	url={http://www.developer.com/lang/perl/article.php/10940_3076571_3/Perl-6-and-the-Parrot-Project.htm}
}

@online{Perl,
	title={Programming Parrot},
	year={2001},
	author={Wall, Larry and Van Rossum, Guido},
	url={http://www.perl.com/pub/2001/04/01/parrot.htm}
}

@online{RFC1,
	title={Implementation of Threads in Perl},
	year={2001},
	author={Warnock, Bryan C.},
	url={http://dev.perl.org/perl6/rfc/1.html}
}

@manual{ThreadManual,
	title={Thread -- manipulate threads in Perl (for old code only)},
	url={http://search.cpan.org/~nwclark/perl-5.8.8/lib/Thread.pm}
}

@book{LearningPython,
	author={Lutz, Mark},
	title={Learning Python},
	publisher={O'Reilly Media},
	edition={4},
	year={2009}
}

@book{TheRubyProgrammingLanguage,
	author={Flanagan, David},
	title={The Ruby Programming Language},
	publisher={O'Reilly Media},
	year={2008}
}

@online{WKnightThreading,
	author={Whitworth, Andrew},
	year={2010},
	url={http://wknight8111.blogspot.co.at/2010/08/gsoc-threads-chandons-results.html}
}

@online{ChandonBlog,
	author={Tuck, Nat},
	year={2010},
	url={http://parrot.org/blog/836}
}

@manual{JavaThreadManual,
	title={Threading},
	url={http://java.sun.com/docs/hotspot/threads/threads.html}
}

@manual{PythonThreadingManual,
	title={threading -- Higher-level threading interface},
	url={http://docs.python.org/library/threading.html}
}

@manual{PythonMultiProcessingManual,
	title={multiprocessing -- Process-based ``threading'' interface},
	url={http://docs.python.org/library/multiprocessing.html}
}

@report{VMShowdown,
	author={Shi, Yunhe and Gregg, David and Beatty Andrew and Ertl, M. Anton},
	type={whitepaper},
	institution={University of Dublin, Trinity College and TU Wien},
	year={2005},
	title={Virtual Machine Showdown: Stack Versus Registers},
	url={http://static.usenix.org/events/vee05/full_papers/p153-yunhe.pdf}
}

@report{LockingInOSKernels,
	author={Starke, Arwed},
	type={whitepaper},
	institution={TU Berlin},
	year={2006},
	title={Locking in OS Kernels for SMP Systems},
	url={http://irl.cs.ucla.edu/~yingdi/paperreading/smp_locking.pdf}
}

@report{VCGC,
	author={Huelsbergen, Lorenz and Winterbottom, Phil},
	type={whitepaper},
	institution={Bell Labs, Lucent Technologies},
	year={1998},
	title={Very Concurrent Mark \& Sweep Garbage Collection without Fine Grain Synchronization},
	url={http://doc.cat-v.org/inferno/concurrent_gc/concurrent_gc.pdf}
}

@report{Chameneos,
	author={Kaiser, Claude and Pradat-Peyre, Jead-Francois},
	type={whitepaper},
	institution={DEDRIC - CNAM Paris},
	title={Chameneos, a Concurrency Game for Java, Ada and Others},
	url={http://doc.cat-v.org/inferno/concurrent_gc/concurrent_gc.pdf}
}

@online{MatrixMult,
	author={Weisstein, Eric W.},
	title={Matrix Multiplication},
	url={http://mathworld.wolfram.com/MatrixMultiplication.html}
}

@online{Mandelbrot,
	author={Weisstein, Eric W.},
	title={Mandelbrot Set},
	url={http://mathworld.wolfram.com/MandelbrotSet.html}
}
